@inproceedings{Pel08,
  author = {Пеленицын, А. М.},
  title = {О реализации декодера одного класса алгебро-геометрических кодов с использованием алгоритма Сакаты},
  booktitle = {Неделя науки},
  year = {2008},
  location = {Ростов н/Д},
  publisher = {изд-во ЮФУ},
  pages = {55--57},
  keywords={pel, proc},
}

@inproceedings{MajPel08A,
  author = {Маевский, А. Э. and Пеленицын, А. М.},
  title = {О программной реализации алгебро-ге\-о\-мет\-ри\-чес\-ко\-го кодека с применением алгоритма Сакаты},
  booktitle={Материалы X Международной научно-практической конференции „Информационная безопасность“},
  year = {2008},
  part = {2},
  pages = {55–57},
  totalpage = {287},
  location = {Таганрог},
  keywords={pel, proc},
}

@article{MajPel08B,
  author = {Маевский, А. Э. and Пеленицын, А. М.},
  title = {Реализация программного алгебро-ге\-о\-мет\-ри\-чес\-ко\-го кодека с применением алгоритма Сакаты},
  journal = {Изв. ЮФУ. Технические науки},
  year = {2008},
  number = {8},
  pages = {196–198},
  location = {Таганрог},
  url = {http://elibrary.ru/item.asp?id=12350414},
  keywords={pel, vak},
}

@incollection{Pel10,
  year={2010},
  isbn={978-5-9275-0750-4},
  booktitle={Труды научной школы И.~Б.~Симоненко},
  editor={Ерусалимский, Я. М. and Штейнберг, Б. Я.},
  title={О реализации n-мерного BMS-алгоритма средствами обобщённого программирования},
  author = {Пеленицын, А. М.},
  pages={197-203},
  language={russian},
  keywords={pel},
  publisher = {изд-во ЮФУ},
  url = {http://elibrary.ru/item.asp?id=23555201},
  location = {Ростов н/Д},
}

@article{Pel11,
  author = {Пеленицын, А. М.},
  title = {Об использовании одного приёма метапрограммирования},
  journal = {Математика и её приложения: Журн. Ивановского мат. общества},
  year = {2011},
  volume = {8},
  number = {1},
  pages = {79–84},
  url = {http://elibrary.ru/item.asp?id=18054877},
  keywords={pel},
}

@inproceedings{Pel12,
  author = {Пеленицын, А. М.},
  title = {Программная реализация декодера одного класса помехоустойчивых кодов на алгебраических кривых: проектирование на основе шаблонов обобщённого и мета- программирования},
  booktitle = {Матеріали другої міжнародної науково-практичної конференції FOSS Lviv},
  month=apr,
  year = {2012},
  isbn = {978-966-8460-99-9},
  location = {Львов, Украина},
  pages = {94--95},
  numpages = {2},
  editor={Злобiн, Г. Г. and Апуневич, С. Є. and Апуневич, С. В. and Ванькевич, Д. Є.},
  keywords={pel, proc},
}

@misc{ProgReg,
  title = {Свидетельство о Государственной регистрация программы для ЭВМ \textnumero 2013618500},
  date = {2013-09-10},
  url = {http://www1.fips.ru/fips_servl/fips_servlet?DB=EVM&DocNumber=2013618500&TypeFile=html},
  language = {english},
  keywords = {pel, vak},
}

@article{DeuPel11,
  author = {Деундяк, В. М. and Пеленицын, А. М.},
  title = {Теоретико-операторный подход к алгоритму Берлекэмпа–Месси–Сакаты},
  journal = {Изв. вузов. Сев.-Кав. регион. Сер. Естественные науки},
  year = {2011},
  number = {3},
  pages = {11--13},
  publisher = {Синергия},
  location = {Ростов-на-Дону},
  url = {http://elibrary.ru/item.asp?id=16523174},
  keywords={pel, vak},
}

@article{Pelenitsyn12,
  author = {Пеленицын, А. М.},
  title = {Методы обобщенного и метапрограммирования в программной реализации декодера алгебро-геометрических кодов},
  journal = {Прикладная информатика},
  volume = {38},
  number = {2},
  year = {2012},
  issn = {1993-8314},
  pages = {60--70},
  url = {http://elibrary.ru/item.asp?id=17675649},
  publisher = {Синергия},
  location = {М.},
  keywords={pel, vak},
}

@article{Pelenitsyn15,
  addendum = {\fullcite{Pelenitsyn15ru} Английский перевод: \fullcite{Pelenitsyn15en}}
}

@article{Pelenitsyn15ru,
  year={2015},
  issn={0132-3474},
  journal={Программирование},
  volume={41},
  number={4},
  title={Ассоциированные типы и распространение ограничений на па\-ра\-мет\-ры-ти\-пы для обобщённого программирования на Scala},
  publisher={МАИК Наука/Interperiodica},
  author={Пеленицын, А. М.},
  pages={13--22},
  language={russian},
  keywords={pel, vak, scopus}
}


@article{Pelenitsyn15en,
  year={2015},
  issn={0361-7688},
  journal={Programming and Computer Software},
  volume={41},
  number={4},
  doi={10.1134/S0361768815040064},
  title={Associated types and constraint propagation for generic programming in Scala},
  publisher={Pleiades Publishing},
  author={Pelenitsyn, A.},
  pages={224--230},
  keywords={trans},
  language={English},
}

@article{Pel15b,
  author = {Пеленицын, А. М.},
  title = {Концепты C++17 в их отношении к концептам C++0x},
  journal = {Современные информационные технологии и ИТ-образование},
  year = {2015},
  volume = {2},
  number = {11},
  pages = {226–232},
  keywords={pel},
}

@incollection{Pel15c,
  year={2015},
  isbn={978-5-9275-1607-0},
  booktitle={Труды научной школы И.~Б.~Симоненко},
  editor={Абрамяна, М. Э. and Ерусалимский, Я. М. and Пилиди, В. С. and Штейнберг, Б. Я.},
  title={Анализ поддержки обобщённого программирования в новом проекте концептов для C++},
  author = {Пеленицын, А. М.},
  number={2},
  pages={197-203},
  language={russian},
  keywords={pel},
  publisher = {изд-во ЮФУ},
  location = {Ростов н/Д},
}

@InProceedings{LukPel18,
author="Lukyanov, Georgiy
and Pelenitsin, Artem",
editor="Itsykson, Vladimir
and Scedrov, Andre
and Zakharov, Victor",
title="Functional Parser of Markdown Language Based on Monad Combining and Monoidal Source Stream Representation",
booktitle="Tools and Methods of Program Analysis",
year="2018",
publisher="Springer,
pages="90--101",
isbn="978-3-319-71734-0"
}
